@incollection{bay2006surf,
  title={Surf: Speeded up robust features},
  author={Bay, Herbert and Tuytelaars, Tinne and Van Gool, Luc},
  booktitle={Computer vision--ECCV 2006},
  pages={404--417},
  year={2006},
  publisher={Springer}
}

@article{fischler1981random,
	title={Random sample consensus: a paradigm for model fitting with applications to image analysis and automated cartography},
	author={Fischler, Martin A and Bolles, Robert C},
	journal={Communications of the ACM},
	volume={24},
	number={6},
	pages={381--395},
	year={1981},
	publisher={ACM}
}

@article{lowe2004distinctive,
	title={Distinctive image features from scale-invariant keypoints},
	author={Lowe, David G},
	journal={International journal of computer vision},
	volume={60},
	number={2},
	pages={91--110},
	year={2004},
	publisher={Springer}
}

@inproceedings{rublee2011orb,
	title={ORB: an efficient alternative to SIFT or SURF},
	author={Rublee, Ethan and Rabaud, Vincent and Konolige, Kurt and Bradski, Gary},
	booktitle={Computer Vision (ICCV), 2011 IEEE International Conference on},
	pages={2564--2571},
	year={2011},
	organization={IEEE}
}

@article{suzuki2003linear,
	title={Linear-time connected-component labeling based on sequential local operations},
	author={Suzuki, Kenji and Horiba, Isao and Sugie, Noboru},
	journal={Computer Vision and Image Understanding},
	volume={89},
	number={1},
	pages={1--23},
	year={2003},
	publisher={Elsevier}
}

@article{otsu1975threshold,
  title={A threshold selection method from gray-level histograms},
  author={Otsu, Nobuyuki},
  journal={Automatica},
  volume={11},
  number={285-296},
  pages={23--27},
  year={1975}
}

@article{haralick1987image,
	title={Image analysis using mathematical morphology},
	author={Haralick, Robert M and Sternberg, Stanley R and Zhuang, Xinhua},
	journal={Pattern Analysis and Machine Intelligence, IEEE Transactions on},
	number={4},
	pages={532--550},
	year={1987},
	publisher={IEEE}